@article{Ding2013Facial,
  title={Facial Action Unit Event Detection by Cascade of Tasks},
  author={Ding, X. and Chu, W. S. and De, la Torre F and Cohn, J. F. and Wang, Q.},
  year={2013},
}
@article{Baltrusaitis2015Cross,
  title={Cross-dataset learning and person-specific normalisation for automatic Action Unit detection},
  author={Baltrusaitis, Tadas and Mahmoud, Marwa and Robinson, Peter},
  year={2015},
}
@inproceedings{He2005An,
  title={An Enhanced LBP Feature Based on Facial Expression Recognition.},
  author={He, L. and Zou, C. and Zhao, L. and Hu, D.},
  booktitle={IEEE Engineering in Medicine \& Biology Conference},
  year={2005},
}
@inproceedings{Wang2014Feature,
  title={Feature fusion of HOG and WLD for facial expression recognition},
  author={Wang, Xiaohua and Chao, Jin and Wei, Liu and Min, Hu and Xu, Liangfeng and Ren, Fuji},
  booktitle={IEEE/SICE International Symposium on System Integration},
  year={2014},
}
@inproceedings{Berretti2010A,
  title={A Set of Selected SIFT Features for 3D Facial Expression Recognition},
  author={Berretti, Stefano and Bimbo, Alberto Del and Pala, Pietro and Amor, Boulbaba Ben and Daoudi, Mohamed},
  booktitle={International Conference on Pattern Recognition},
  year={2010},
}
@inproceedings{Liu2017Adaptive,
  title={Adaptive Deep Metric Learning for Identity-Aware Facial Expression Recognition},
  author={Liu, Xiaofeng and Kumar, B. V. K. Vijaya and You, Jane and Ping, Jia},
  booktitle={IEEE Conference on Computer Vision \& Pattern Recognition Workshops},
  year={2017},
}
@inproceedings{li2018facial,
  title={Facial Expression Recognition by Multi-Scale CNN with Regularized Center Loss},
  author={Li, Zhenghao and Wu, Song and Xiao, Guoqiang},
  booktitle={2018 24th International Conference on Pattern Recognition (ICPR)},
  pages={3384--3389},
  year={2018},
  organization={IEEE}
}

@inproceedings{Meng2017Identity,
  title={Identity-aware convolutional neural network for facial expression recognition},
  author={Meng, Zibo and Ping, Liu and Jie, Cai and Han, Shizhong and Yan, Tong},
  booktitle={IEEE International Conference on Automatic Face \& Gesture Recognition},
  year={2017},
}
@inproceedings{Jung2015Joint,
  title={Joint Fine-Tuning in Deep Neural Networks for Facial Expression Recognition},
  author={Jung, Heechul and Lee, Sihaeng and Yim, Junho and Park, Sunjeong and Kim, Junmo},
  booktitle={IEEE International Conference on Computer Vision},
  year={2015},
}
@inproceedings{wu2018facial,
  title={Facial Expression Recognition for Different Pose Faces Based on Special Landmark Detection},
  author={Wu, Wenqi and Yin, Yingjie and Wang, Yingying and Wang, Xingang and Xu, De},
  booktitle={2018 24th International Conference on Pattern Recognition (ICPR)},
  pages={1524--1529},
  year={2018},
  organization={IEEE}
}
@inproceedings{zadeh2017convolutional,
  title={Convolutional experts network for facial landmark detection},
  author={Zadeh, Amir and Baltrusaitis, T and Morency, Louis-Philippe},
  booktitle={Proceedings of the International Conference on Computer Vision \& Pattern Recognition (CVPRW), Faces-in-the-wild Workshop/Challenge},
  volume={3},
  number={5},
  pages={6},
  year={2017}
}
@inproceedings{Lucey2010The,
  title={The Extended Cohn-Kanade Dataset (CK+): A complete dataset for action unit and emotion-specified expression},
  author={Lucey, Patrick and Cohn, J. F. and Kanade, Takeo and Saragih, Jason and Ambadar, Zara and Matthews, Iain},
  booktitle={Computer Vision \& Pattern Recognition Workshops},
  year={2010},
}
@article{friesen1978facial,
  title={Facial action coding system: a technique for the measurement of facial movement},
  author={Friesen, E and Ekman, Paul},
  journal={Palo Alto},
  volume={3},
  year={1978},
  publisher={Consulting Psychologists Press}
}
@article{Zhao2011Facial,
  title={Facial expression recognition from near-infrared videos},
  author={Zhao, Guoying and Huang, Xiaohua and Taini, Matti and Li, Stan Z. and Pietik√§inen, Matti},
  journal={Image \& Vision Computing},
  volume={29},
  number={9},
  pages={607-619},
  year={2011},
}
@inproceedings{Cristinacce2006Feature,
  title={Feature Detection and Tracking with Constrained Local Models},
  author={Cristinacce, David and Cootes, Timothy F.},
  booktitle={Proc British Machine Vision Conference},
  year={2006},
}
@inproceedings{Girard2013Social,
  title={Social Risk and Depression: Evidence from Manual and Automatic Facial Expression Analysis.},
  author={Girard, J. M. and Cohn, J. F. and Mahoor, M. H. and Mavadati, S and Rosenwald, D. P.},
  booktitle={IEEE International Conference \& Workshops on Automatic Face \& Gesture Recognition},
  year={2013},
}
@article{Peter2009Computation,
  title={Computation of emotions in man and machines},
  author={Peter, Robinson and Rana, El Kaliouby},
  journal={Philosophical Transactions of the Royal Society of London},
  volume={364},
  number={1535},
  pages={3441-3447},
  year={2009},
}
@article{Hager1985A,
  title={A comparison of units for visually measuring facial actions},
  author={Hager, Joseph C.},
  journal={Behavior Research Methods Instruments \& Computers},
  volume={17},
  number={4},
  pages={450-468},
  year={1985},
}